<record><leader>02806nam a2200433 i 4500</leader><controlfield tag="001">6713881</controlfield><controlfield tag="003">OCoLC</controlfield><controlfield tag="005">20141014161726.0</controlfield><controlfield tag="008">140710t20152015enk      b    001 0 eng  </controlfield><datafield ind1=" " ind2=" " tag="010"><subfield code="a">  2014009488</subfield></datafield><datafield ind1=" " ind2=" " tag="020"><subfield code="a">9780415854795 (hardback)</subfield></datafield><datafield ind1=" " ind2=" " tag="020"><subfield code="a">0415854792 (hardback)</subfield></datafield><datafield ind1=" " ind2=" " tag="020"><subfield code="z">9780203741887 (ebook)</subfield></datafield><datafield ind1=" " ind2=" " tag="035"><subfield code="a">ocn883747163</subfield></datafield><datafield ind1=" " ind2=" " tag="040"><subfield code="a">DLC</subfield><subfield code="e">rda</subfield><subfield code="b">eng</subfield><subfield code="c">DLC</subfield><subfield code="d">YDX</subfield><subfield code="d">YDXCP</subfield><subfield code="d">BDX</subfield><subfield code="d">OCLCO</subfield><subfield code="d">UAB</subfield></datafield><datafield ind1=" " ind2=" " tag="042"><subfield code="a">pcc</subfield></datafield><datafield ind1="0" ind2="0" tag="050"><subfield code="a">BF515</subfield><subfield code="b">.M76 2015</subfield></datafield><datafield ind1="0" ind2="0" tag="082"><subfield code="a">362.19897/60472</subfield><subfield code="2">23</subfield></datafield><datafield ind1=" " ind2=" " tag="084"><subfield code="a">SOC057000</subfield><subfield code="a">SOC025000</subfield><subfield code="a">MED050000</subfield><subfield code="2">bisacsh</subfield></datafield><datafield ind1=" " ind2=" " tag="090"><subfield code="a">BF 515 M76 2015</subfield><subfield code="b">AEU</subfield></datafield><datafield ind1="1" ind2=" " tag="100"><subfield code="a">Morrissey, Mary Beth Quaranta,</subfield><subfield code="e">author.</subfield></datafield><datafield ind1="1" ind2="0" tag="245"><subfield code="a">Suffering narratives of older adults :</subfield><subfield code="b">a phenomenological approach to serious illness, chronic pain, recovery and maternal care /</subfield><subfield code="c">Mary Beth Quaranta Morrissey.</subfield></datafield><datafield ind1=" " ind2="1" tag="264"><subfield code="a">Abingdon, Oxon ;</subfield><subfield code="a">New York :</subfield><subfield code="b">Routledge, Taylor &amp; Francis Group,</subfield><subfield code="c">2015.</subfield></datafield><datafield ind1=" " ind2="4" tag="264"><subfield code="c">&#169;2015</subfield></datafield><datafield ind1=" " ind2=" " tag="300"><subfield code="a">xiv, 177 pages ;</subfield><subfield code="c">24 cm.</subfield></datafield><datafield ind1=" " ind2=" " tag="336"><subfield code="a">text</subfield><subfield code="2">rdacontent</subfield></datafield><datafield ind1=" " ind2=" " tag="337"><subfield code="a">unmediated</subfield><subfield code="2">rdamedia</subfield></datafield><datafield ind1=" " ind2=" " tag="338"><subfield code="a">volume</subfield><subfield code="2">rdacarrier</subfield></datafield><datafield ind1="1" ind2=" " tag="490"><subfield code="a">Routledge advances in the medical humanities</subfield></datafield><datafield ind1=" " ind2=" " tag="504"><subfield code="a">Includes bibliographical references (pages 158-169) and index.</subfield></datafield><datafield ind1=" " ind2=" " tag="520"><subfield code="a">"This book exploits the power of phenomenological methods to access and describe lived moral experiences of pain and suffering for patients, their families and the wider community. Creating new fields of communication for patients, their family members and health professionals in shared decision making processes, this book builds on knowledge about suffering to help and guide correct action in preventing and relieving chronic pain and improving systems of care. It offers a new phenomenology for understanding moral experience in serious illness and suffering, and its implication for policy, practice and research. A series of applied chapters, looking at individual experiences of suffering and care experiences, present some areas of ethical inquiry, including: pain and suffering maternal care ethics evaluation and moral deliberation about treatment options decision-making and moral agency end-of-life experiences of care. Exploring how moral phenomenology could provide fruitful alternatives to traditional frameworks in bioethics, this is an important addition to the literature. It will be of interest to scholars and students of bioethics and phenomenological methods in the health and human services"--</subfield><subfield code="c">Provided by publisher.</subfield></datafield><datafield ind1=" " ind2=" " tag="596"><subfield code="a">43</subfield></datafield><datafield ind1=" " ind2="0" tag="650"><subfield code="a">Pain.</subfield></datafield><datafield ind1=" " ind2="0" tag="650"><subfield code="a">Aging.</subfield></datafield><datafield ind1=" " ind2="0" tag="650"><subfield code="a">Older people.</subfield></datafield><datafield ind1=" " ind2="0" tag="650"><subfield code="a">Phenomenology.</subfield></datafield><datafield ind1=" " ind2="0" tag="830"><subfield code="a">Routledge advances in the medical humanities.</subfield></datafield><datafield ind1=" " ind2=" " tag="949"><subfield code="a">BF 515 M76 2015</subfield><subfield code="c">1</subfield><subfield code="h">UAHS-B</subfield><subfield code="i">0162035176625</subfield></datafield><datafield ind1=" " ind2=" " tag="926"><subfield code="a">BF 515 M76 2015</subfield><subfield code="w">LC</subfield><subfield code="c">1</subfield><subfield code="i">0162035176625</subfield><subfield code="l">ON_SHELF</subfield><subfield code="m">UAHSS</subfield><subfield code="p">$150.00</subfield><subfield code="r">Y</subfield><subfield code="s">Y</subfield><subfield code="t">BOOK</subfield><subfield code="u">10/29/2014</subfield></datafield></record>